@article{hwang2010trusted,
  title={Trusted cloud computing with secure resources and data coloring},
  author={Hwang, Kai and Li, Deyi},
  journal={Internet Computing, IEEE},
  volume={14},
  number={5},
  pages={14--22},
  year={2010},
  publisher={IEEE}
}

@article{xu2014improved,
  title={An improved reversible data hiding-based approach for intra-frame error concealment in H. 264/AVC},
  author={Xu, Dawen and Wang, Rangding and Shi, Yun Q},
  journal={Journal of Visual Communication and Image Representation},
  volume={25},
  number={2},
  pages={410--422},
  year={2014},
  publisher={Elsevier}
}

@inproceedings{fridrich2001invertible,
  title={Invertible authentication},
  author={Fridrich, Jessica and Goljan, Miroslav and Du, Rui},
  booktitle={Photonics West 2001-Electronic Imaging},
  pages={197--208},
  year={2001},
  organization={International Society for Optics and Photonics}
}

@inproceedings{fridrich2001invertible2,
  title={Invertible authentication watermark for JPEG images},
  author={Fridrich, Jiri and Goljan, Miroslav and Du, Rui},
  booktitle={Information Technology: Coding and Computing, 2001.
    Proceedings. International Conference on},
  pages={223--227},
  year={2001},
  organization={IEEE}
}

@article{celik2005lossless,
  title={Lossless generalized-LSB data embedding},
  author={Celik, Mehmet Utku and Sharma, Gaurav and Tekalp, A Murat and Saber, Eli},
  journal={Image Processing, IEEE Transactions on},
  volume={14},
  number={2},
  pages={253--266},
  year={2005},
  publisher={IEEE}
}

@inproceedings{kalker2002capacity,
  title={Capacity bounds and constructions for reversible data-hiding},
  author={Kalker, Ton and Willems, Frans MJ},
  booktitle={Digital Signal Processing, 2002. DSP 2002. 2002 14th
    International Conference on},
  volume={1},
  pages={71--76},
  year={2002},
  organization={IEEE}
}

@article{ni2006reversible,
  title={Reversible data hiding},
  author={Ni, Zhicheng and Shi, Yun-Qing and Ansari, Nirwan and Su, Wei},
  journal={Circuits and Systems for Video Technology, IEEE Transactions on},
  volume={16},
  number={3},
  pages={354--362},
  year={2006},
  publisher={IEEE}
}

@inproceedings{lee2006reversiblee,
  title={Reversiblee Image Authentication Based on Watermarking},
  author={Lee, Sang-Kwang and Suh, Young-Ho and Ho, Yo-Sung},
  booktitle={Multimedia and Expo, 2006 IEEE International Conference on},
  pages={1321--1324},
  year={2006},
  organization={IEEE}
}

@article{li2013general,
  title={A general framework to histogram-shifting-based reversible data hiding},
  author={Li, Xiaolong and Li, Bin and Yang, Bin and Zeng, Tieyong},
  year={2013},
  publisher={IEEE}
}

@article{tian2003reversible,
  title={Reversible data embedding using a difference expansion},
  author={Tian, Jun},
  journal={IEEE Trans. Circuits Syst. Video Techn.},
  volume={13},
  number={8},
  pages={890--896},
  year={2003}
}

@inproceedings{alattar2003reversible,
  title={Reversible watermark using difference expansion of triplets},
  author={Alattar, Adnan M},
  booktitle={Image Processing, 2003. ICIP 2003. Proceedings. 2003 International Conference on},
  volume={1},
  pages={I--501},
  year={2003},
  organization={IEEE}
}

@inproceedings{alattar2004reversible,
  title={Reversible watermark using difference expansion of quads},
  author={Alattar, Adnan M},
  booktitle={Acoustics, Speech, and Signal Processing, 2004. Proceedings.(ICASSP'04). IEEE International Conference on},
  volume={3},
  pages={iii--377},
  year={2004},
  organization={IEEE}
}

@article{alattar2004reversibleg,
  title={Reversible watermark using the difference expansion of a generalized integer transform},
  author={Alattar, Adnan M},
  journal={Image Processing, IEEE Transactions on},
  volume={13},
  number={8},
  pages={1147--1156},
  year={2004},
  publisher={IEEE}
}

@article{thodi2007expansion,
  title={Expansion embedding techniques for reversible watermarking},
  author={Thodi, Diljith M and Rodr{\'\i}guez, Jeffrey J},
  journal={Image Processing, IEEE Transactions on},
  volume={16},
  number={3},
  pages={721--730},
  year={2007},
  publisher={IEEE}
}

@article{ou2013reversible,
  title={Reversible data hiding based on PDE predictor},
  author={Ou, Bo and Li, Xiaolong and Zhao, Yao and Ni, Rongrong},
  journal={Journal of Systems and Software},
  volume={86},
  number={10},
  pages={2700--2709},
  year={2013},
  publisher={Elsevier}
}

@article{luo2010reversible,
  title={Reversible image watermarking using interpolation technique},
  author={Luo, Lixin and Chen, Zhenyong and Chen, Ming and Zeng, Xiao and Xiong, Zhang},
  journal={Information Forensics and Security, IEEE Transactions on},
  volume={5},
  number={1},
  pages={187--193},
  year={2010},
  publisher={IEEE}
}

@article{hong2012adaptive,
  title={Adaptive reversible data hiding method based on error energy control and histogram shifting},
  author={Hong, Wien},
  journal={Optics Communications},
  volume={285},
  number={2},
  pages={101--108},
  year={2012},
  publisher={Elsevier}
}

@article{ou2013pairwise,
  title={Pairwise prediction-error expansion for efficient reversible data hiding},
  author={Ou, Bo and Li, Xiaolong and Zhao, Yao and Ni, Rongrong and Shi, Y},
  year={2013},
  publisher={IEEE}
}

@article{coltuc2007very,
  title={Very fast watermarking by reversible contrast mapping},
  author={Coltuc, Dinu and Chassery, J-M},
  journal={Signal Processing Letters, IEEE},
  volume={14},
  number={4},
  pages={255--258},
  year={2007},
  publisher={IEEE}
}

@inproceedings{chen2010reversible,
  title={Reversible image watermarking based on a generalized integer transform},
  author={Chen, Xudong and Li, Xiaolong and Yang, Bin and Tang, Yingmin},
  booktitle={Acoustics Speech and Signal Processing (ICASSP), 2010 IEEE International Conference on},
  pages={2382--2385},
  year={2010},
  organization={IEEE}
}

@article{wang2010efficient,
  title={Efficient generalized integer transform for reversible watermarking},
  author={Wang, Xiang and Li, Xiaolong and Yang, Bin and Guo, Zongming},
  journal={Signal Processing Letters, IEEE},
  volume={17},
  number={6},
  pages={567--570},
  year={2010},
  publisher={IEEE}
}

@article{peng2012adaptive,
  title={Adaptive reversible data hiding scheme based on integer transform},
  author={Peng, Fei and Li, Xiaolong and Yang, Bin},
  journal={Signal Processing},
  volume={92},
  number={1},
  pages={54--62},
  year={2012},
  publisher={Elsevier}
}

@article{kamstra2005reversible,
  title={Reversible data embedding into images using wavelet techniques and sorting},
  author={Kamstra, Lute and Heijmans, Henk JAM},
  journal={Image Processing, IEEE Transactions on},
  volume={14},
  number={12},
  pages={2082--2090},
  year={2005},
  publisher={IEEE}
}

@article{sachnev2009reversible,
  title={Reversible watermarking algorithm using sorting and prediction},
  author={Sachnev, Vasiliy and Kim, Hyoung Joong and Nam, Jeho and Suresh, Sundaram and Shi, Yun Qing},
  journal={Circuits and Systems for Video Technology, IEEE Transactions on},
  volume={19},
  number={7},
  pages={989--999},
  year={2009},
  publisher={IEEE}
}

@article{li2013reversible,
  title={Reversible data hiding scheme for color image based on
    prediction-error expansion and cross-channel correlation},
  author={Li, Jian and Li, Xiaolong and Yang, Bin},
  journal={Signal Processing},
  volume={93},
  number={9},
  pages={2748--2758},
  year={2013},
  publisher={Elsevier}
}

@inproceedings{schaefer2003ucid,
  title={UCID: an uncompressed color image database},
  author={Schaefer, Gerald and Stich, Michal},
  booktitle={Electronic Imaging 2004},
  pages={472--480},
  year={2003},
  organization={International Society for Optics and Photonics}
}
